<record><leader>02900cam a2200493 i 4500</leader><controlfield tag="001">6765625</controlfield><controlfield tag="003">OCoLC</controlfield><controlfield tag="005">20141208105523.0</controlfield><controlfield tag="008">140519t20152015nyua     b    000 0 eng  </controlfield><datafield ind1=" " ind2=" " tag="010"><subfield code="a">  2014007879</subfield></datafield><datafield ind1=" " ind2=" " tag="015"><subfield code="a">GBB4A4003</subfield><subfield code="2">bnb</subfield></datafield><datafield ind1="7" ind2=" " tag="016"><subfield code="a">016877066</subfield><subfield code="2">Uk</subfield></datafield><datafield ind1=" " ind2=" " tag="020"><subfield code="a">9781138021464 (hardback)</subfield></datafield><datafield ind1=" " ind2=" " tag="020"><subfield code="a">1138021466 (hardback)</subfield></datafield><datafield ind1=" " ind2=" " tag="020"><subfield code="a">9781138021471 (paperback)</subfield></datafield><datafield ind1=" " ind2=" " tag="020"><subfield code="a">1138021474 (paperback)</subfield></datafield><datafield ind1=" " ind2=" " tag="020"><subfield code="z">9781315777719 (e-book)</subfield></datafield><datafield ind1=" " ind2=" " tag="035"><subfield code="a">ocn880672067</subfield></datafield><datafield ind1=" " ind2=" " tag="040"><subfield code="a">DLC</subfield><subfield code="b">eng</subfield><subfield code="e">rda</subfield><subfield code="c">DLC</subfield><subfield code="d">OCLCF</subfield><subfield code="d">YDXCP</subfield><subfield code="d">UKMGB</subfield><subfield code="d">UAB</subfield></datafield><datafield ind1="1" ind2=" " tag="041"><subfield code="a">eng</subfield><subfield code="a">spa</subfield><subfield code="h">eng</subfield></datafield><datafield ind1=" " ind2=" " tag="042"><subfield code="a">pcc</subfield></datafield><datafield ind1="0" ind2="4" tag="050"><subfield code="a">LC149</subfield><subfield code="b">.H88 2015</subfield></datafield><datafield ind1="0" ind2="0" tag="082"><subfield code="a">649/.58</subfield><subfield code="2">23</subfield></datafield><datafield ind1=" " ind2=" " tag="084"><subfield code="a">EDU000000</subfield><subfield code="2">bisacsh</subfield></datafield><datafield ind1=" " ind2=" " tag="090"><subfield code="a">LC 149 H88 2015</subfield><subfield code="b">AEU</subfield></datafield><datafield ind1="1" ind2=" " tag="100"><subfield code="a">Hutchins, Darcy J.,</subfield><subfield code="e">author.</subfield></datafield><datafield ind1="1" ind2="0" tag="245"><subfield code="a">Family reading night /</subfield><subfield code="c">Darcy J. Hutchins, Marsha D. Greenfeld, Joyce L. Epstein.</subfield></datafield><datafield ind1=" " ind2=" " tag="250"><subfield code="a">Second edition.</subfield></datafield><datafield ind1=" " ind2="1" tag="264"><subfield code="a">New York, NY :</subfield><subfield code="b">Routledge/Taylor &amp; Francis Group,</subfield><subfield code="c">2015.</subfield></datafield><datafield ind1=" " ind2="4" tag="264"><subfield code="c">&#169;2015</subfield></datafield><datafield ind1=" " ind2=" " tag="300"><subfield code="a">xi, 172 pages :</subfield><subfield code="b">illustrations ;</subfield><subfield code="c">28 cm</subfield></datafield><datafield ind1=" " ind2=" " tag="336"><subfield code="a">text</subfield><subfield code="2">rdacontent</subfield></datafield><datafield ind1=" " ind2=" " tag="337"><subfield code="a">unmediated</subfield><subfield code="2">rdamedia</subfield></datafield><datafield ind1=" " ind2=" " tag="338"><subfield code="a">volume</subfield><subfield code="2">rdacarrier</subfield></datafield><datafield ind1=" " ind2=" " tag="504"><subfield code="a">Includes bibliographical references.</subfield></datafield><datafield ind1=" " ind2=" " tag="520"><subfield code="a">"Host family reading nights at your school! These events promote literacy outside of the classroom and encourage families to get involved in their children's achievement. They also build relationships among educators, families, and community partners. This practical book is full of step-by-step guidelines and reproducible activities to help you bring family reading nights to life in your own school or district. Special Features: - The book is organized by month of the school year, so you can quickly find activities that meet your needs - Each activity is easy to implement and includes a page of instructions for teacher-leaders and an activity page for families - An appendix provides all of the forms you need to get your Family Reading Night started, including invitations and registration sheets - All of the family activities can be photocopied or downloaded for free from our website, www.routledge.com/books/details/9781138021471, so that you can print and distribute them during your event This enhanced second edition includes connections to the Common Core State Standards for reading. It also features a special new appendix with all of the family activities translated into Spanish, to help more families get involved!"--</subfield><subfield code="c">Provided by publisher.</subfield></datafield><datafield ind1=" " ind2=" " tag="546"><subfield code="a">Includes Spanish translation from the English.</subfield></datafield><datafield ind1=" " ind2=" " tag="596"><subfield code="a">41</subfield></datafield><datafield ind1=" " ind2="0" tag="650"><subfield code="a">Family literacy programs.</subfield></datafield><datafield ind1=" " ind2="0" tag="650"><subfield code="a">Reading</subfield><subfield code="x">Parent participation.</subfield></datafield><datafield ind1="1" ind2=" " tag="700"><subfield code="a">Epstein, Joyce Levy,</subfield><subfield code="e">author.</subfield></datafield><datafield ind1="1" ind2=" " tag="700"><subfield code="a">Greenfeld, Marsha D.,</subfield><subfield code="e">author.</subfield></datafield><datafield ind1=" " ind2=" " tag="949"><subfield code="a">LC 149 H88 2015</subfield><subfield code="c">1</subfield><subfield code="h">UAED-B</subfield><subfield code="i">0162035206166</subfield></datafield><datafield ind1=" " ind2=" " tag="926"><subfield code="a">LC 149 H88 2015</subfield><subfield code="w">LC</subfield><subfield code="c">1</subfield><subfield code="i">0162035206166</subfield><subfield code="l">CURRICULUM</subfield><subfield code="m">UAEDUC</subfield><subfield code="p">$150.00</subfield><subfield code="r">Y</subfield><subfield code="s">Y</subfield><subfield code="t">BOOK</subfield><subfield code="u">1/6/2015</subfield></datafield></record>